<record><leader>00000cas a2200000 a 4500</leader><controlfield tag="001">38726092</controlfield><controlfield tag="008">980316d19852003vtuwr ne      0    0eng c</controlfield><datafield ind1=" " ind2=" " tag="010"><subfield code="a">sn 98060024 </subfield></datafield><datafield ind1=" " ind2=" " tag="040"><subfield code="a">NVN</subfield><subfield code="b">eng</subfield><subfield code="c">NVN</subfield><subfield code="d">OCLCQ</subfield><subfield code="d">OCLCF</subfield><subfield code="d">OCLCO</subfield></datafield><datafield ind1="1" ind2=" " tag="029"><subfield code="a">AU@</subfield><subfield code="b">000013798141</subfield></datafield><datafield ind1=" " ind2=" " tag="042"><subfield code="a">pcc</subfield></datafield><datafield ind1=" " ind2=" " tag="043"><subfield code="a">n-us-vt</subfield></datafield><datafield ind1="0" ind2="4" tag="245"><subfield code="a">The Williston whistle.</subfield></datafield><datafield ind1=" " ind2=" " tag="260"><subfield code="a">Williston, Vt. :</subfield><subfield code="b">Williston Whistle [Inc.], 1985-2003.</subfield></datafield><datafield ind1=" " ind2=" " tag="300"><subfield code="a">v. :</subfield><subfield code="b">ill. ;</subfield><subfield code="c">43 cm.</subfield></datafield><datafield ind1=" " ind2=" " tag="310"><subfield code="a">Weekly,</subfield><subfield code="b">Sept. 29, 1994-July 24, 2003</subfield></datafield><datafield ind1=" " ind2=" " tag="321"><subfield code="a">Monthly (except Jan. and Aug.),</subfield><subfield code="b">Mar. 1985-Mar. 1992</subfield></datafield><datafield ind1=" " ind2=" " tag="321"><subfield code="a">17 times a year,</subfield><subfield code="b">Apr. 1, 1992-June 30, 1993</subfield></datafield><datafield ind1=" " ind2=" " tag="321"><subfield code="a">16 times a year,</subfield><subfield code="b">July 28, 1993-&lt;Dec. 15, 1993&gt;</subfield></datafield><datafield ind1=" " ind2=" " tag="321"><subfield code="a">Monthly,</subfield><subfield code="b">&lt;Jan. 26, 1994&gt;-Aug. 24, 1994</subfield></datafield><datafield ind1="0" ind2=" " tag="362"><subfield code="a">Vol. 1, no. 1 (Mar. 1985)-v. 10, no. 6 (Aug. 24, 1994) ; Sept. 29, 1994-July 24, 2003.</subfield></datafield><datafield ind1=" " ind2=" " tag="515"><subfield code="a">Volume numbering dropped from issues, Sept. 29, 1994-July 24, 2003.</subfield></datafield><datafield ind1=" " ind2="0" tag="651"><subfield code="a">Williston (Vt.)</subfield><subfield code="v">Newspapers.</subfield></datafield><datafield ind1=" " ind2="0" tag="651"><subfield code="a">Vermont</subfield><subfield code="v">Newspapers.</subfield></datafield><datafield ind1=" " ind2="7" tag="655"><subfield code="a">Newspapers.</subfield><subfield code="2">fast</subfield><subfield code="0">(OCoLC)fst01423814</subfield></datafield><datafield ind1=" " ind2="7" tag="651"><subfield code="a">Vermont.</subfield><subfield code="2">fast</subfield><subfield code="0">(OCoLC)fst01204305</subfield></datafield><datafield ind1=" " ind2="7" tag="651"><subfield code="a">Vermont</subfield><subfield code="z">Williston.</subfield><subfield code="2">fast</subfield><subfield code="0">(OCoLC)fst01268861</subfield></datafield><datafield ind1=" " ind2=" " tag="752"><subfield code="a">United States</subfield><subfield code="b">Vermont</subfield><subfield code="c">Chittenden</subfield><subfield code="d">Williston.</subfield></datafield><datafield ind1="0" ind2="0" tag="785"><subfield code="t">Williston observer</subfield><subfield code="w">(OCoLC)52809848</subfield></datafield></record>